@book{lamport94,
    author    = "Leslie Lamport",
    title     = "{LaTeX}: A Document Preparation System",
    publisher = "Addison-Wesley",
    year      = 1994,
}
@INPROCEEDINGS{7816479,
  author={Borges, Hudson and Hora, Andre and Valente, Marco Tulio},
  booktitle={2016 IEEE International Conference on Software Maintenance and Evolution (ICSME)}, 
  title={Understanding the Factors That Impact the Popularity of GitHub Repositories}, 
  year={2016},
  volume={},
  number={},
  pages={334-344},
  doi={10.1109/ICSME.2016.31}
}

@INPROCEEDINGS{7884605,
  author={Zhang, Yun and Lo, David and Kochhar, Pavneet Singh and Xia, Xin and Li, Quanlai and Sun, Jianling},
  booktitle={2017 IEEE 24th International Conference on Software Analysis, Evolution and Reengineering (SANER)}, 
  title={Detecting similar repositories on GitHub}, 
  year={2017},
  volume={},
  number={},
  pages={13-23},
  doi={10.1109/SANER.2017.7884605}}
