@ARTICLE{OF,
  author={Plamondon, R. and Srihari, S.N.},
  journal={IEEE Transactions on Pattern Analysis and Machine Intelligence}, 
  title={Online and off-line handwriting recognition: a comprehensive survey}, 
  year={2000},
  volume={22},
  number={1},
  pages={63-84},
  doi={10.1109/34.824821}}

@inproceedings{Advances,
 author = {Graves, Alex and Schmidhuber, J\"{u}rgen},
 booktitle = {Advances in Neural Information Processing Systems},
 editor = {D. Koller and D. Schuurmans and Y. Bengio and L. Bottou},
 pages = {},
 publisher = {Curran Associates, Inc.},
 title = {Offline Handwriting Recognition with Multidimensional Recurrent Neural Networks},
 url = {https://proceedings.neurips.cc/paper_files/paper/2008/file/66368270ffd51418ec58bd793f2d9b1b-Paper.pdf},
 volume = {21},
 year = {2008}
}

@INPROCEEDINGS{Improvements,
  author={Pham, Vu and Bluche, Théodore and Kermorvant, Christopher and Louradour, Jérôme},
  booktitle={2014 14th International Conference on Frontiers in Handwriting Recognition}, 
  title={Dropout Improves Recurrent Neural Networks for Handwriting Recognition}, 
  year={2014},
  volume={},
  number={},
  pages={285-290},
  doi={10.1109/ICFHR.2014.55}}
